
  <record>
    <controlfield tag="001">1201</controlfield>
    <datafield tag="100" ind1=" " ind2=" ">
      <subfield code="a">ALICE Collaboration</subfield>
    </datafield>
    <datafield tag="245" ind1=" " ind2=" ">
      <subfield code="a">alice-mc analysis module</subfield>
    </datafield>
    <datafield tag="256" ind1=" " ind2=" ">
      <subfield code="a">Software (1 file, 31139203 bytes)</subfield>
    </datafield>
    <datafield tag="260" ind1=" " ind2=" ">
      <subfield code="c">2012</subfield>
    </datafield>
    <datafield tag="856" ind1="4" ind2=" ">
      <subfield code="u">root://eospublic.cern.ch//eos/opendata/alice/modules/alice-mc.tgz</subfield>
      <subfield code="s">31139203</subfield>
    </datafield>
    <datafield tag="980" ind1=" " ind2=" ">
      <subfield code="a">ALICE-Tools</subfield>
    </datafield>
  </record>